@TechReport{Wang,
author       = {Fusheng Wang and Cristobal Vergara-Niedermayr}, 
title        = {Collaboratively Sharing Scientific Data},
institution  = {Integrated Data Systems Department, Siemens Corporate Research},
year         = {2009},
number       = {10},
month        = {July}
}


@Article{Bhandari,
author  = {Inderpal Bhandari and Edward Colet and Jennifer Parker and Zachary Pines and Rajiv Pratap and Krishnakumar Ramanujam}, 
title   = {Advanced Scout: Data Mining and Knowledge Discovery in NBA Data},
journal = {Data Mining and Knowledge Discovery},
year    = {1997},
volume  = {1},
number  = {1},
pages   = {121-125},
month   = {March}
}


@Article{Bernard,
author       = {Loeffelholz Bernard and Bednar Earl and Bauer Kenneth}, 
title        = {Predicting NBA games using neural networks},
journal = {Journal of Quantitative Analysis in Sports},
year    = {2009},
volume  = {5},
number  = {1},
pages   = {1-15},
month   = {January}
}


@InProceedings{Miljkovic,
author       = {Dragan Miljkovic and Ljubisa Gajic and Aleksandar Kovacevic},
title        = {The use of data mining for basketball matches outcomes prediction},
booktitle    = {IEEE 8th International Symposium on Intelligent Systems and Informatics},
year         = {2010},
address      = {Subotica, Serbia},
month        = {November},
publisher    = {IEEE}
}


@Misc{Povich,
author       = {Elaine Povich}, 
title        = {Show Me the Money: Sports Betting Off and Running},
howpublished = {https://www.pewtrusts.org/en/research-and-analysis/blogs/stateline/2018/09/10/show-me-the-money-sports-betting-off-and-running},
month        = {September},
year         = {2018}
}


@InProceedings{Vanhoucke,
author	= {Vincent Vanhoucke and Andrew Senior and Mark Z. Mao},
title	= {Improving the speed of neural networks on CPUs},
booktitle	= {Deep Learning and Unsupervised Feature Learning Workshop, NIPS 2011},
year	= {2011}
}


@Book{Tan,
author    = {Pang-Ning Tan and Michael Steinbach and Anuj Karpatne and Vipin Kumar}, 
title     = {Introduction to Data Mining },
publisher = {Pearson Education},
year      = {2005},
volume    = {4},
series    = {10},
address   = {330 Hudson Street, New York, NY 10013},
edition   = {2},
month     = {January}
}


@Misc{NBA,
author       = {Turner}, 
title        = {NBA Advanced Stats},
howpublished = {https://stats.nba.com},
month        = {September},
year         = {2018}
}


@Misc{Chi,
  author        = {Min Chi},
  title         = {Lecture Notes},
  month         = {Fall},
  year          = {2018},
  howpublished  = {North Carolina State University, College of Engineering, Department of Computer Science}
}